%Bücher
@book{Bal2009,
	shorthand = Bal2009,
  title={Lehrbuch der Objektmodellierung: Analyse und Entwurf mit der UML 2},
  author={Balzert, Heide},
  year={2009},
  publisher={Spektrum Akademischer Verlag}
}

@book{Dem2013,
	shorthand = Dem2013,
  title={Raspberry Pi - Das Handbuch},
  author={Dembowski, K.},
  year={2013},
  publisher={Springer Fachmedien Wiesbaden}
}

@book{Kof2015,
	shorthand = Kof2015,
  title={Raspberry Pi: Das umfassende Handbuch, komplett in Farbe - aktuell zu Raspberry Pi 2 - inkl. Schnittstellen, Schaltungsaufbau, Steuerung mit Python und den Erweiterungen Gertboard, PiFace und Quick2Wire},
  author={Kofler, M. and K{\"u}hnast, C. and Scherbeck, C.},
  isbn={9783836237956},
  year={2015},
  publisher={Galileo Press},
	adress={Bonn},
	edition = {1. Aufl.},
	number={1. korrigierter Nachdr. Ed.},
}

@book{Upt2014,
	shorthand = Upt2014,
  title={Raspberry Pi User Guide},
  author={Upton, E. and Halfacree, G.},
  isbn={9781118921678},
  year={2014},
	publisher={John Wiley \& Sons Ltd},
	adress={Chichester, West Sussex},
	edition = {2. Aufl.}
}

@book{Mes2003,
	shorthand = Mes2003,
	title={PC Hardwarebuch. Aufbau, Funktionsweise, Programmierung},
	author={Hans-Peter Messmer and Klaus Dembowski},
	isbn={9781118921678},
	year={2003},
	publisher={Addison-Wesley},
	adress={München},
	edition = {7. Aufl.}
}
 
@article{Bpb2013,
	shorthand = Bpb2013,
	author  = {Manuel Berkel and Prof. Dr.-Ing. Hans-Peter Beck und 
						 Dr. Felix Chr. Matthes and Bernhard P{\"o}tter und 
						 Prof. Dr.-Ing. habil. Detlef Schulz and Dr. Karen Schulz and
						 Dr. Jens-Peter Springmann und Dr. Hans-Joachim Ziesing},
	title   = {Energie und Umwelt},
	journal = {Informationen zur politischen Bildung},
	volume  = {Heft 319/2013},
	note = {Bundeszentrale f{\"u}r politische Bildung (bpb)},
	year    = {2013},
	pages   = {498 - 516},
	edition = {Redaktionsschluss: Sept. 2013},
	volume = {319},
	publisher = {{Bundeszentrale f{\"u}r Politische Bildung}},
	series = {Informationen zur politischen Bildung},
	editor = {Berkel, Manuel}
}

@book{Berkel.2013,
	year = {2013},
	title = {Energie und Umwelt},
	url = {\url{http://www.bpb.de/system/files/dokument_pdf/bpb_Energie_und_Umwelt_barrierefrei_optimiert_1.pdf}},
	address = {Bonn},
	edition = {Redaktionsschluss: Sept. 2013},
	volume = {319},
	publisher = {{Bundeszentrale f{\"u}r Politische Bildung}},
	series = {Informationen zur politischen Bildung},
	ISSN= 0046-9408,
	editor = {Berkel, Manuel}
}
%%%%%%%%%%%%%%%%%%%%%%%%%%%%%%%%%%%%%%%%%%%%%%%%%%%%%%%%%%%%%%%%%%%%%%%%%%%%%%%
%Internet-Quellen
%%%%%%%%%%%%%%%%%%%%%%%%%%%%%%%%%%%%%%%%%%%%%%%%%%%%%%%%%%%%%%%%%%%%%%%%%%%%%%%
@online{bsd0,
  author = {tostmann},
  title = {{SD0}},
	url = {http://busware.de/tiki-index.php?page=SD0},
  howpublished = "\url{http://busware.de/tiki-index.php?page=SD0}",
  year = {2008}, 
  urldate  = {2015-07-19}
}

@online{RpiD,
  author = {Raspberry Pi Foundation},
  title = {{Downloads}},
  howpublished = "\url{https://www.raspberrypi.org/downloads/}",
  year = {2008}, 
  urldate  = {2015-07-01}
}

@online{s0ec,
  author = {Rene Galow},
  title = {{s0enow/bin/src/s0enow.cpp}},
  howpublished = "\url{https://github.com/slayerrensky/s0enow/blob/master/bin/src/s0enow.cpp}",
  year = {2008}, 
  note = {"Abgerufen am: 26-Juni-2015"}
  urldate  = {2015-06-26}
}

% This file was created with Citavi 6.1.0.0
@book{BalWeb2011,
	author = {Balzert, Heide},
	year = {2011},
	title = {Basiswissen Web-Programmierung: XHTML, CSS, JavaScript, XML, PHP, JSP, ASP.NET, Ajax},
	url = {\url{http://www.vlb.de/GetBlob.aspx?strDisposition=a&strIsbn=9783868340334}},
	keywords	= {Anwendungssoftware;Gestaltung;Programmierung;Webdesign;Webseite;World Wide Web},
	edition		= {2. Aufl.},
	publisher = {W3L-Verl.},
	isbn = {9783868340334}
}
@book{Balzert.2011c,
 author = {Balzert, Heide},
 year = {2011},
 title = {Lehrbuch der Objektmodellierung: Analyse und Entwurf mit der UML 2 ; mit e-learning-Online-Kurs},
 address = {Heidelberg},
 edition = {2. Auflage 2005, Nachdruck 2011},
 publisher = {{Spektrum Akademischer Verlag}},
 isbn = {978-3-8274-2903-2},
 series = {Lehrb{\"u}cher der Informatik}
}
@book{Beierlein.2011,
 year = {2011},
 title = {Taschenbuch Mikroprozessortechnik: Mit 92 Tabellen},
 address = {M{\"u}nchen [u.a.]},
 edition = {4., neu bearb. Aufl.},
 publisher = {{Fachbuchverl. Leipzig im Carl-Hanser-Verl.}},
 isbn = {3446423311},
 editor = {Beierlein, Thomas}
}
@book{Gamma.2011,
	author = {Gamma, Erich and Helm, Richard and Vlissides, John  and Johnson, Ralph},
	shorthand = {GoF2011},
	year = {2011},
	title = {Entwurfsmuster: Elemente wiederverwendbarer objektorientierter Software},
	address = {Munich und Boston},
	edition = {6. Auflage},
	publisher = {Addison-Wesley},
	isbn = {9783827330437},
	series = {Programmer's choice}
}
@book{KlausDembowski.2013,
	author = {{Klaus Dembowski}},
	year = {2013},
	title = {Raspberry Pi - Das Handbuch: Konfiguration, Hardware, Applikationserstellung},
	publisher = {{Vieweg + Teubner Verlag}},
	isbn = {978-3-658-03166-4}
}
@book{Kofler.2016,
	shorthand = {KKS16},
	author = {Kofler, Michael and K{\"u}hnast, Charly and Scherbeck, Christoph},
	year = {2016},
	title = {Raspberry Pi: Das umfassende Handbuch, komplett in Farbe - aktuell zu Raspberry Pi 3 und Zero - inkl. Schnittstellen, Schaltungsaufbau, Steuerung mit Python und den Erweiterungen Gertboard, PiFace und Quick2Wire},
	address = {Bonn},
	edition = {3. Auflage, revidierte Ausgabe},
	publisher = {Rheinwerk and {Rheinwerk Computing}},
	isbn = {3836242206},
	series = {Rheinwerk Computing}
}
@book{Messmer.2003,
	author = {Messmer, Hans-Peter and Dembowski, Klaus},
	year = {2003},
	title = {PC-Hardwarebuch: Aufbau, Funktionsweise, Programmierung ; ein Handbuch nicht nur f{\"u}r Profis},
	keywords = {Hardware;Mikrocomputer;PC;Personal Computer;Personalcomputer},
	address = {M{\"u}nchen},
	edition = {7. Aufl.},
	publisher = {Addison-Wesley},
	isbn = {3827320143}
}
@book{Messmer.2003b,
	author = {Messmer, Hans-Peter and Dembowski, Klaus},
	year = {2003},
	title = {PC-Hardwarebuch: Aufbau, Funktionsweise, Programmierung ; ein Handbuch nicht nur f{\"u}r Profis},
	keywords = {Hardware;Mikrocomputer;PC;Personal Computer;Personalcomputer},
	address = {M{\"u}nchen},
	edition = {7. Aufl.},
	publisher = {Addison-Wesley},
	isbn = {3827320143}
}
@book{Upton.2014,
	author = {Upton, Eben and Halfacree, Gareth},
	year = {2014},
	title = {Raspberry Pi user guide},
	address = {Chichester, West Sussex},
	edition = {3rd ed.},
	publisher = {Wiley},
	isbn = {9781118921678}
}
@misc{VDEVorschriftenwerkelektronischeFassung.April1999,
	year = {April 1999},
	title = {Einrichtungen zur Messung der elektrischen Energie (AC): Besondere Anforderungen - Impulseinrichtung f{\"u}r Induktionsz{\"a}hler oder elektronische Z{\"a}hler (nur Zweidrahtsysteme)},
	number = {IEC EN 62053-31:1998); Teil 3-31},
	publisher = {{VDE Vorschriftenwerk}},
	author = {{VDE Vorschriftenwerk --elektronische Fassung}}
}