@book{Beierlein2010,
	address = {M{\"{u}}nchen},
	author = {Beierlein, Thomas and Hagenbruch, Olaf},
	isbn = {978-3446423312},
	mendeley-groups = {Bachelor},
	publisher = {Carl Hanser Verlag GmbH {\&} Co. KG},
	title = {{Taschenbuch Mikroprozzesoretchnik}},
	volume = {4},
	year = {2010}
}

@book{Upton2014,
	address = {Chichester, West Sussex},
	author = {Upton, Eben and Halfacree, Gareth},
	mendeley-groups = {Bachelor},
	publisher = {John Wiley {\&} Sons Ltd},
	title = {{Raspberry Pi User Guide}},
	volume = {2},
	year = {2014}
}
@book{Mül2009,
	address = {Berlin},
	author = {M{\"{u}}ller, Lothar},
	mendeley-groups = {Beuth Hochschule,Bachelor},
	title = {{Skript „Binaercodes“}},
	year = {2011}
}
@book{Balzert2011,
	address = {Witten},
	author = {Balzert, Heide},
	editor = {2},
	mendeley-groups = {Downloads,Bachelor},
	publisher = {W3L Verlag},
	title = {{Basiswissen Web-Programmierung : XHTML, CSS, JavaScript, XML, PHP, JSP, ASP.NET, Ajax}},
	year = {2011}
}
@book{Kof2015,
	abstract = {3. Auflage, revidierte Ausgabe},
	author = {Kofler, Michael and Ku?hnast, Charly and Scherbeck, Christoph and {Galileo Press}},
	edition = {1. Aufl.},
	isbn = {3836242206},
	mendeley-groups = {Bachelor},
	number = {1. korrigierter Nachdr. Ed.},
	publisher = {Galileo Press},
	title = {{Raspberry Pi Das umfassende Handbuch, komplett in Farbe - aktuell zu Raspberry Pi 3 und Zero - inkl. Schnittstellen, Schaltungsaufbau, Steuerung mit Python und den Erweiterungen Gertboard, PiFace und Quick2Wire}},
	year = {2015}
}
@article{Bpb2013,
	annote = {Bundeszentrale f{\"{u}}r politische Bildung (bpb)},
	author = {Sturm, Roland},
	journal = {Informationen zur politischen Bildung Nr. 319},
	mendeley-groups = {Bachelor},
	number = {1-2},
	title = {{Energie und Umwelt}},
	year = {2013}
}
@misc{bsd0,
	annote = {Abgerufen am: 19-July-2008},
	author = {Tostmann},
	mendeley-groups = {Bachelor},
	title = {{SD0}},
	url = {http://busware.de/tiki-index.php?page=SD0},
	year = {2008}
}
@book{Mes2003,
	author = {Messmer, H and Dembowski, Klaus},
	edition = {7. Aufl.},
	isbn = {9781118921678},
	mendeley-groups = {Bachelor},
	publisher = {Addison-Wesley},
	title = {{PC Hardwarebuch. Aufbau, Funktionsweise, Programmierung}},
	year = {2003}
}
@misc{RpiD,
	annote = {Abgerufen am: 01-Juni-2015},
	author = {Foundation, Raspberry Pi},
	howpublished = {https://www.raspberrypi.org/downloads/},
	mendeley-groups = {Bachelor},
	title = {{Downloads}},
	url = {https://www.raspberrypi.org/downloads/},
	year = {2008}
}

@book{Dembowski2013,
	address = {Wiesbaden},
	arxivId = {arXiv:1011.1669v3},
	author = {Dembowski, Klaus},
	doi = {10.1007/978-3-658-03167-1},
	edition = {1},
	eprint = {arXiv:1011.1669v3},
	isbn = {978-3-658-03166-4},
	issn = {1098-6596},
	mendeley-groups = {Bachelor},
	pmid = {25246403},
	publisher = {Springer Vieweg},
	title = {{Raspberry Pi – Das Handbuch}},
	year = {2013}
}
